@inproceedings{begun2019,
	author = {И.А. Бегун and М.В. Великов and В.А.Зуев and Г.А. Мирошник.},
	booktitle = {Неделя науки СПбПУ : материалы научной конференции с международным
    участием, 18–23 ноября 2019 г.},
	editor = {Я.А. Гататулина},
    pagetotal = {292},
    location = {СПб.},
	pages = {162-165},
	publisher = {Политех-Пресс},
	title = {Прибор для обучения незрячих тактильному чтению <<Тренажёр Брайля>>},
	url = {https://elibrary.ru/item.asp?id=43055546},
    urldate = {2021-05-27},
	year = {2019},
    ISBN = "978-5-7422-6813-0"
}
@inproceedings{zuev2021,
    author = {В.А. Зуев and А.С. Стоян},
    booktitle = {Математика и математическое моделирование: Сборник материалов XV
    Всероссийской молодёжной научно-инновационной школы.},
    editor = {А.Г. Сироткиной},
    pagetotal = {351},
    location = {Саров},
    pages = {145-146},
    publisher = {ООО <<Интерконтакт>>},
    title = {Распознавание символов Брайля на фотографиях},
    year = {2021},
    ISBN = "978-5-6044528-8-2"
}

@article {who_report2012,
    author = {Pascolini, Donatella and Mariotti, Silvio Paolo},
    title = {Global estimates of visual impairment: 2010},
    volume = {96},
    number = {5},
    pages = {614--618},
    year = {2012},
    doi = {10.1136/bjophthalmol-2011-300539},
    publisher = {BMJ Publishing Group Ltd},
    issn = {0007-1161},
    URL = {https://bjo.bmj.com/content/96/5/614},
    urldate = {2021-05-27},
    journal = {British Journal of Ophthalmology}
}

@INPROCEEDINGS{isayed2015review,
    author={Isayed, Samer and Tahboub, Radwan},
    booktitle={2015 2nd World Symposium on Web Applications and Networking (WSWAN)},
    title={A review of optical Braille recognition},
    year={2015},
    pages={1-6},
    doi={10.1109/WSWAN.2015.7210343}}

@Article{shokat2020review,
    author={Shokat, Sana
    and Riaz, Rabia
    and Rizvi, Sanam Shahla
    and Khan, Khalil
    and Riaz, Farina
    and Kwon, Se Jin},
    title={Analysis and Evaluation of Braille to Text Conversion Methods},
    journal={Mobile Information Systems},
    year={2020},
    month={7},
    day={26},
    publisher={Hindawi},
    volume={2020},
    pages={3461651},
    issn={1574-017X},
    doi={10.1155/2020/3461651}
}

@InProceedings{baumgartner2020app,
    author={Baumg\"artner, Christopher
    and Schwarz, Thorsten
    and Stiefelhagen, Rainer},
    editor={Miesenberger, Klaus
    and Manduchi, Roberto
    and Covarrubias Rodriguez, Mario
    and Pe{\v{n}}{\'a}z, Petr},

    title={Image-Based Recognition of Braille Using Neural Networks on Mobile Devices},
    booktitle={Computers Helping People with Special Needs},
    year={2020},
    publisher={Springer International Publishing},
    address={Cham},
    pages={346--353},
    doi={10.1007/978-3-030-58796-3_41},
    url={https://www.ncbi.nlm.nih.gov/pmc/articles/PMC7972593/},
    urldate = {2021-05-28},
    isbn={978-3-030-58796-3}
}

@inproceedings{li2020braunet,
    author={Li, Renqiang and Liu, Hong and Wang, Xiangdong and Xu, Jianxing and Qian, Yueliang},
    booktitle={2020 IEEE/CVF Conference on Computer Vision and Pattern Recognition Workshops (CVPRW)},
    title={Optical Braille Recognition Based on Semantic Segmentation Network with Auxiliary Learning Strategy},
    year={2020},
    pages={2362-2368},
    doi={10.1109/CVPRW50498.2020.00285}}

@misc{ovodov2020,
    title={Optical Braille Recognition Using Object Detection CNN},
    author={Ilya G. Ovodov},
    year={2020},
    eprint={2012.12412},
    archivePrefix={arXiv},
    primaryClass={cs.CV}
}

@inproceedings{ovodov2021,
    author={Ovodov, Ilya G.},
    booktitle={2021 IEEE Conference of Russian Young Researchers in Electrical and Electronic Engineering (ElConRus)},
    title={Semantic-based Annotation Enhancement Algorithm for Semi-supervised Machine Learning Efficiency Improvement Applied to Optical Braille Recognition},
    year={2021},
    pages={2190-2194},
    doi={10.1109/ElConRus51938.2021.9396534}}

@Article{alsalman2021,
    AUTHOR = {Abdulmalik AlSalman and Abdu Gumaei and Amani AlSalman and Suheer Al-Hadhrami},
    TITLE = {A Deep Learning-Based Recognition Approach for the Conversion of Multi\-lingual Braille Images},
    JOURNAL = {Computers, Materials \& Continua},
    VOLUME = {67},
    YEAR = {2021},
    NUMBER = {3},
    PAGES = {3847-3864},
    URL = {http://www.techscience.com/cmc/v67n3/41628},
    urldate = {2021-05-28},
    issn = {1546-2226},
    DOI = {10.32604/cmc.2021.015614}
}

@misc{ortoncelli2021,
    title={An automated approach to mitigate transcription errors in braille texts for the Portuguese language},
    author={André Roberto Ortoncelli and Marlon Marcon and Franciele Beal},
    year={2021},
    eprint={2103.03935},
    archivePrefix={arXiv},
    primaryClass={cs.CV}
}

@misc{li2018dsbi,
    title={DSBI: Double-Sided Braille Image Dataset and Algorithm Evaluation for Braille Dots Detection},
    author={Renqiang Li and Hong Liu and Xiangdong Wan and Yueliang Qian},
    year={2019},
    eprint={1811.10893},
    archivePrefix={arXiv},
    primaryClass={cs.CV}
}

@misc{muller2021word_aln,
    title={Word-Level Alignment of Paper Documents with their Electronic Full-Text Counterparts},
    author={Mark-Christoph Müller and Sucheta Ghosh and Ulrike Wittig and Maja Rey},
    year={2021},
    eprint={2104.14925},
    archivePrefix={arXiv},
    primaryClass={cs.CL}
}

@article{needleman1970,
    title = {A general method applicable to the search for similarities in the amino acid sequence of two proteins},
    journal = {Journal of Molecular Biology},
    volume = {48},
    number = {3},
    pages = {443-453},
    year = {1970},
    issn = {0022-2836},
    doi = {https://doi.org/10.1016/0022-2836(70)90057-4},
    url = {https://www.sciencedirect.com/science/article/pii/0022283670900574},
    urldate = {2021-05-29},
    author = {Saul B. Needleman and Christian D. Wunsch}
}

@INPROCEEDINGS{nguyen2019,
    author={Nguyen, Thi-Tuyet-Hai and Jatowt, Adam and Coustaty, Mickael and Nguyen, Nhu-Van and Doucet, Antoine},
    booktitle={2019 ACM/IEEE Joint Conference on Digital Libraries (JCDL)},
    title={Deep Statistical Analysis of OCR Errors for Effective Post-OCR Processing},
    year={2019},
    pages={29-38},
    doi={10.1109/JCDL.2019.00015}}
